{
  "leader": "02275cam a2200361 i 4500",
  "fields": [
    {
      "001": "ocm01136557\\"
    },
    {
      "003": "OCoLC"
    },
    {
      "005": "20220705153649.0"
    },
    {
      "008": "750110s1958\\\\\\\\nju\\\\\\\\\\\\\\\\\\\\\\000\\0\\eng\\\\"
    },
    {
      "010": {
        "ind1": "\\",
        "ind2": "\\",
        "subfields": [
          {
            "a": "   58008604 "
          }
        ]
      }
    },
    {
      "040": {
        "ind1": "\\",
        "ind2": "\\",
        "subfields": [
          {
            "a": "DLC"
          },
          {
            "b": "eng"
          },
          {
            "c": "RGC"
          },
          {
            "d": "OCL"
          },
          {
            "d": "SER"
          },
          {
            "d": "OCL"
          },
          {
            "d": "HNW"
          },
          {
            "d": "OCLCG"
          },
          {
            "d": "STF"
          },
          {
            "d": "NIALS"
          },
          {
            "d": "OCLCF"
          },
          {
            "d": "OCLCQ"
          },
          {
            "d": "OCLCO"
          },
          {
            "d": "ALRFP"
          },
          {
            "d": "OCLCQ"
          },
          {
            "d": "CPO"
          },
          {
            "d": "OCLCQ"
          },
          {
            "d": "OCLCO"
          },
          {
            "d": "OCLCQ"
          },
          {
            "d": "OCLCO"
          }
        ]
      }
    },
    {
      "019": {
        "ind1": "\\",
        "ind2": "\\",
        "subfields": [
          {
            "a": "1031272295"
          },
          {
            "a": "1154903654"
          }
        ]
      }
    },
    {
      "035": {
        "ind1": "\\",
        "ind2": "\\",
        "subfields": [
          {
            "a": "(OCoLC)1136557"
          },
          {
            "z": "(OCoLC)1031272295"
          },
          {
            "z": "(OCoLC)1154903654"
          }
        ]
      }
    },
    {
      "050": {
        "ind1": "0",
        "ind2": "0",
        "subfields": [
          {
            "a": "HV16"
          },
          {
            "b": ".L29"
          }
        ]
      }
    },
    {
      "082": {
        "ind1": "0",
        "ind2": "0",
        "subfields": [
          {
            "a": "361"
          },
          {
            "b": "LAU"
          }
        ]
      }
    },
    {
      "100": {
        "ind1": "1",
        "ind2": "\\",
        "subfields": [
          {
            "a": "Laubach, Frank Charles,"
          },
          {
            "d": "1884-1970."
          }
        ]
      }
    },
    {
      "245": {
        "ind1": "1",
        "ind2": "4",
        "subfields": [
          {
            "a": "The world is learning compassion /"
          },
          {
            "c": "Frank C. Laubach."
          }
        ]
      }
    },
    {
      "260": {
        "ind1": "\\",
        "ind2": "\\",
        "subfields": [
          {
            "a": "[Westwood N.J.] :"
          },
          {
            "b": "F.H. Revell Co.,"
          },
          {
            "c": "[1958]"
          }
        ]
      }
    },
    {
      "300": {
        "ind1": "\\",
        "ind2": "\\",
        "subfields": [
          {
            "a": "251 pages :"
          },
          {
            "c": "22 cm"
          }
        ]
      }
    },
    {
      "336": {
        "ind1": "\\",
        "ind2": "\\",
        "subfields": [
          {
            "a": "text"
          },
          {
            "b": "txt"
          },
          {
            "2": "rdacontent"
          }
        ]
      }
    },
    {
      "337": {
        "ind1": "\\",
        "ind2": "\\",
        "subfields": [
          {
            "a": "unmediated"
          },
          {
            "b": "n"
          },
          {
            "2": "rdamedia"
          }
        ]
      }
    },
    {
      "338": {
        "ind1": "\\",
        "ind2": "\\",
        "subfields": [
          {
            "a": "volume"
          },
          {
            "b": "nc"
          },
          {
            "2": "rdacarrier"
          }
        ]
      }
    },
    {
      "505": {
        "ind1": "0",
        "ind2": "\\",
        "subfields": [
          {
            "a": "A voice from the depths -- We are making our choice -- The highest compassion was born on Christmas day -- Slow growth of compassion through fifteen centuries -- Missions : present tense -- Missions : medical -- Compassion for illiterates -- New compassion for the \"common man\" -- The incredible twentieth century -- The Rockefeller Foundation -- Philanthropy -- The Institute of Inter-American Affairs -- How the United Nations began--and the World Bank -- World Health Organization (WHO) and United Nations Children's fund (UNICEF) -- Food and Agriculture Organization (FAO) and United Nations Educational, Scientific and Cultural Organization (UNESCO) -- The declaration of human rights -- Point four -- The Colombo Plan -- People-to-people compassion -- Cooperatives -- Private enterprise is learning compassion -- Gandhi, Bhave and land -- Coming! A world of abundance, if we survive."
          }
        ]
      }
    },
    {
      "650": {
        "ind1": "\\",
        "ind2": "0",
        "subfields": [
          {
            "a": "Charities"
          },
          {
            "x": "History."
          }
        ]
      }
    },
    {
      "650": {
        "ind1": "\\",
        "ind2": "0",
        "subfields": [
          {
            "a": "Public welfare"
          },
          {
            "x": "History."
          }
        ]
      }
    },
    {
      "650": {
        "ind1": "\\",
        "ind2": "7",
        "subfields": [
          {
            "a": "Charities."
          },
          {
            "2": "fast"
          },
          {
            "0": "(OCoLC)fst00852404"
          }
        ]
      }
    },
    {
      "650": {
        "ind1": "\\",
        "ind2": "7",
        "subfields": [
          {
            "a": "Public welfare."
          },
          {
            "2": "fast"
          },
          {
            "0": "(OCoLC)fst01083250"
          }
        ]
      }
    },
    {
      "655": {
        "ind1": "\\",
        "ind2": "7",
        "subfields": [
          {
            "a": "History."
          },
          {
            "2": "fast"
          },
          {
            "0": "(OCoLC)fst01411628"
          }
        ]
      }
    },
    {
      "776": {
        "ind1": "0",
        "ind2": "8",
        "subfields": [
          {
            "i": "Online version:"
          },
          {
            "a": "Laubach, Frank Charles, 1884-1970."
          },
          {
            "t": "World is learning compassion."
          },
          {
            "d": "[Westwood N.J.] F.H. Revell Co. [1958]"
          },
          {
            "w": "(OCoLC)625616126"
          }
        ]
      }
    },
    {
      "994": {
        "ind1": "\\",
        "ind2": "\\",
        "subfields": [
          {
            "a": "Z0"
          },
          {
            "b": "NYRVC"
          }
        ]
      }
    },
    {
      "948": {
        "ind1": "\\",
        "ind2": "\\",
        "subfields": [
          {
            "h": "NO HOLDINGS IN NYRVC - 341 OTHER HOLDINGS"
          }
        ]
      }
    },
    {
      "999": {
        "ind1": "\\",
        "ind2": "\\",
        "subfields": [
          {
            "a": "00000000014025"
          },
          {
            "b": "Copy 1"
          }
        ]
      }
    },
    {
      "999": {
        "ind1": "\\",
        "ind2": "\\",
        "subfields": [
          {
            "a": "00000000014021"
          },
          {
            "b": "Copy 2"
          }
        ]
      }
    }
  ]
}